2950 4984
861 396 1649 473 PRAEFAT'IO.

271 595 508 662 cautus
567 581 909 674 inciderit,
971 583 1190 680 sperat
1249 591 1320 654 et
1385 582 1699 654 obsecrat
1764 576 2065 654 lectores
2118 581 2225 682 ig-

273 715 568 786 noscere.

363 833 694 908 Pauculae
730 831 1054 929 quaedam
1109 829 1382 929 plantae,
1418 829 1603 904 hanc
1651 839 1889 904 notam
1926 831 2049 929 (†)
2085 855 2231 929 prae

271 965 334 1036 se
357 962 612 1036 ferunt.
713 959 858 1031 Hae
904 960 1062 1030 sunt
1099 983 1269 1055 quas
1305 956 1573 1054 plantas
1604 934 1851 1030 auctor
1896 981 2039 1030 non
2076 961 2236 1031 vere

275 1088 632 1186 indigenas
665 1085 802 1156 effe
837 1084 1212 1181 suspicatur
1241 1116 1260 1168 ;
1315 1094 1439 1156 aut
1461 1083 1883 1179 jamdudum
1912 1082 2175 1180 periiffe
2204 1114 2227 1167 ;

272 1211 371 1284 vel
409 1210 568 1283 alias
596 1209 924 1306 quasdam
966 1207 1150 1281 male
1176 1232 1300 1304 pro
1335 1207 1440 1280 his
1465 1208 1741 1306 plantis,
1777 1207 1900 1280 sub
1934 1229 2231 1305 quarum

271 1334 554 1406 nomine
606 1331 1106 1421 inclaruerunt,
1167 1341 1485 1429 acceptas
1545 1331 1761 1405 fuisse.
1863 1331 2051 1404 Haec
2103 1355 2231 1430 αυτ

269 1469 409 1531 tem
438 1471 602 1531 nota
631 1458 986 1532 eradenda
1005 1458 1102 1552 est
1122 1468 1285 1530 ante
1305 1459 1527 1533 Poam
1548 1455 1931 1548 bulbosam‚
1960 1483 2029 1555 p.
2066 1478 2229 1545 102,

269 1608 479 1680 quam
515 1563 732 1656 Doni.
771 1586 986 1656 Stone
1021 1608 1244 1679 nuper
1273 1607 1490 1681 prope
1520 1581 1919 1654 Yartnouth
1956 1583 2232 1680 sponta-

267 1732 480 1779 neam
503 1709 792 1780 invenit.
868 1703 1246 1778 Asteriscus
1271 1701 1382 1802 (k)
1423 1704 1753 1802 praefixus
1787 1706 2019 1778 innuit
2051 1705 2235 1778 banc

271 1828 594 1926 plantam
636 1828 804 1897 olim
846 1851 929 1898 ex
963 1829 1180 1899 hortis
1213 1829 1505 1919 evafiffe,
1542 1841 1612 1902 et
1648 1829 1933 1902 demum
1970 1829 2233 1904 habita-

267 1950 540 2034 tionem
567 1945 753 2043 apud
781 1968 906 2018 nos
933 1943 1217 2015 liberam
1245 1959 1314 2018 et
1344 1955 1501 2020 vere
1526 1951 1711 2022 suam
1732 1950 2035 2048 elegisse.

374 2077 582 2148 Dum·
637 2072 877 2144 omnia
921 2070 1078 2142 haec
1137 2069 1382 2142 auctor
1426 2047 1783 2164 membra,
1836 2077 2027 2149 dolet
2080 2078 2238 2152 sane

142 2175 153 2180 Α
271 2195 470 2295 qubd
522 2217 698 2292 opus
751 2191 979 2290 prodit
1016 2190 1535 2288 imperfectum.
1634 2188 1739 2268 At
1772 2196 2073 2292 pretium
2121 2223 2246 2292 pa..

270 2322 449 2420 pyri,
486 2319 696 2392 h'odie
731 2318 925 2390 omni
962 2318 1232 2389 ratione
1267 2315 1604 2404 alienum,
1637 2321 1843 2416 cogit,⁸
1866 2297 2136 2392 labores
2177 2321 2255 2394 in

271 2452 574 2552 praesens
609 2451 1136 2546 interrumpere.
1238 2447 1511 2520 Amicis
1561 2471 1732 2546 ergo
1785 2445 2251 2533 suadentibus,
2324 2444 2333 2457 ‘

271 2581 495 2654 visum
532 2577 628 2652 est
653 2581 798 2652 duo
825 2581 1048 2677 prima
1073 2578 1452 2668 volumina,
1477 2604 1641 2652 cum
1677 2579 1909 2652 indice
1936 2577 2080 2668 suc,
2094 2579 2251 2673 jam

273 2708 349 2778 in
390 2706 623 2779 lucem
661 2706 956 2777 mittere.
1057 2707 1250 2777 Intra
1284 2706 1445 2784 anni
1476 2707 1767 2802 spatium
1797 2706 1943 2802 spes
1976 2705 2074 2777 est
2108 2706 2245 2776 im-

279 2832 770 2930 pedimentum
809 2829 987 2900 istud
1042 2830 1136 2899 rei
1189 2828 1533 2916 literariae,
1588 2832 1741 2903 satis
1777 2823 2056 2920 mirum,
2104 2829 2248 2903 fere

275 2955 709 3041 inauditum,
760 2953 1180 3023 cessaturum
1217 2952 1384 3026 fore.
1494 2953 2064 3050 Aliquis-tamen·
2089 2954 2252 3026 usus

261 3107 370 3158 ,ex
430 3081 565 3152 hoc
600 3069 786 3150 malo
821 3063 1088 3150 eveniat
1123 3109 1142 3152 ι
1200 3101 1457 3178 nempe
1494 3079 1632 3152 illae
1670 3064 2273 3175 hallucinationes·

271 3221 403 3282 aut
442 3205 1038 3302 omiffiones-quae
1073 3208 1142 3277 in
1180 3208 1286 3280 his
1313 3209 1589 3280 duobus
1626 3209 2095 3280 voluminibus
2128 3207 2253 3280 de-

270 3341 636 3430 tegantur,
673 3330 774 3424 (et
803 3329 923 3400 has
949 3327 1036 3398 ad
1065 3330 1131 3400 se
1157 3328 1346 3403 bono
1377 3332 1615 3403 animo
1639 3331 2011 3402 transmitti
2044 3333 2246 3424 orat‚)

269 3463 354 3534 in
394 3457 842 3554 sequentibus
869 3454 1087 3527 forsan
1117 3459 1575 3556 corrigantur.
1680 3457 1901 3527 Index
1936 3456 2249 3554 copiosis-

265 3585 494 3659 fimus
540 3583 754 3653 totius
788 3580 1034 3677 operiS,
1073 3593 1142 3656 et
1195 3584 1558 3683 catalogus
1594 3580 1963 3656 auctorum
2004 3583 2253 3657 citato-

261 3733 466 3797 rum,
494 3706 580 3779 ad
607 3705 872 3778 calcem
901 3705 1342 3800 adjicientur.

454 3899 676 3958 Dabam
709 3898 1020 3970 Noavicr,

244 4006 448 4066 Pridie
473 4005 678 4065 Iduum
710 4007 926 4076 Martii,
960 4027 1190 4069 mucce.
